@article{lecun2015deep,
  title={Deep learning},
  author={LeCun, Yann and Bengio, Yoshua and Hinton, Geoffrey},
  journal={nature},
  volume={521},
  number={7553},
  pages={436--444},
  year={2015},
  publisher={Nature Publishing Group}
}

@article{elsken2019neural,
  title={Neural architecture search: A survey},
  author={Elsken, Thomas and Metzen, Jan Hendrik and Hutter, Frank},
  journal={The Journal of Machine Learning Research},
  volume={20},
  number={1},
  pages={1997--2017},
  year={2019},
  publisher={JMLR. org}
}
@article{kyriakides2020introduction,
  title={An introduction to neural architecture search for convolutional networks},
  author={Kyriakides, George and Margaritis, Konstantinos},
  journal={arXiv preprint arXiv:2005.11074},
  year={2020}
}

@inproceedings{albawi2017understanding,
  title={Understanding of a convolutional neural network},
  author={Albawi, Saad and Mohammed, Tareq Abed and Al-Zawi, Saad},
  booktitle={2017 international conference on engineering and technology (ICET)},
  pages={1--6},
  year={2017},
  organization={Ieee}
}

@article{zhang2019graph,
  title={Graph convolutional networks: a comprehensive review},
  author={Zhang, Si and Tong, Hanghang and Xu, Jiejun and Maciejewski, Ross},
  journal={Computational Social Networks},
  volume={6},
  number={1},
  pages={1--23},
  year={2019},
  publisher={SpringerOpen}
}

@article{zhang2021gradsign,
  title={Gradsign: Model performance inference with theoretical insights},
  author={Zhang, Zhihao and Jia, Zhihao},
  journal={arXiv preprint arXiv:2110.08616},
  year={2021}
}

@misc{white2021powerful,
      title={How Powerful are Performance Predictors in Neural Architecture Search?}, 
      author={Colin White and Arber Zela and Binxin Ru and Yang Liu and Frank Hutter},
      year={2021},
      eprint={2104.01177},
      archivePrefix={arXiv},
      primaryClass={cs.LG}
}

@article{akhauri2022evolving,
  title={Evolving Zero Cost Proxies For Neural Architecture Scoring},
  author={Akhauri, Yash and Munoz, J Pablo and Jain, Nilesh and Iyer, Ravi},
  journal={arXiv preprint arXiv:2209.07413},
  year={2022}
}

@article{abdelfattah2021zero,
  title={Zero-cost proxies for lightweight NAS},
  author={Abdelfattah, Mohamed S and Mehrotra, Abhinav and Dudziak, {\L}ukasz and Lane, Nicholas D},
  journal={arXiv preprint arXiv:2101.08134},
  year={2021}
}

@inproceedings{colin2022adeeperlook,
  author = {White, Colin and Khodak, Mikhail and Tu, Renbo and Shah, Shital and Bubeck, SÃ©bastien and Dey, Debadeepta},
  title = {A Deeper Look at Zero-Cost Proxies for Lightweight NAS},
  booktitle = {ICLR Blog Track},
  year = {2022},
  note = {https://iclr-blog-track.github.io/2022/03/25/zero-cost-proxies/},
  url  = {https://iclr-blog-track.github.io/2022/03/25/zero-cost-proxies/}
}

@misc{tanaka2020pruning,
      title={Pruning neural networks without any data by iteratively conserving synaptic flow}, 
      author={Hidenori Tanaka and Daniel Kunin and Daniel L. K. Yamins and Surya Ganguli},
      year={2020},
      eprint={2006.05467},
      archivePrefix={arXiv},
      primaryClass={cs.LG}
}

@inproceedings{yan2018spatial,
  title={Spatial temporal graph convolutional networks for skeleton-based action recognition},
  author={Yan, Sijie and Xiong, Yuanjun and Lin, Dahua},
  booktitle={Thirty-second AAAI conference on artificial intelligence},
  year={2018}
}

@book{hutter2019automated,
  title={Automated machine learning: methods, systems, challenges},
  author={Hutter, Frank and Kotthoff, Lars and Vanschoren, Joaquin},
  year={2019},
  publisher={Springer Nature}
}


@article{lightweightgcn,
    author={Dinh-Tan Pham, Quang-Tien Pham, Tien-Thanh Nguyen, Thi-Lan Le, Hai Vu},
    title={A lightweight graph convolutional network for skeleton-based action recognition},
    journal={Multimedia Tools and Applications},
    year={2022},
    issn={1573-7721},
    doi={10.1007/s11042-022-13298-w},
    url={https://doi.org/10.1007/s11042-022-13298-w}
}

@article{groos2021efficientpose,
  title={EfficientPose: Scalable single-person pose estimation},
  author={Groos, Daniel and Ramampiaro, Heri and Ihlen, Espen AF},
  journal={Applied Intelligence},
  volume={51},
  number={4},
  pages={2518--2533},
  year={2021},
  publisher={Springer}
}

@article{groos2022toward,
   title={Convolutional networks for video-based infant movement analysis. Towards objective prognosis of cerebral palsy from infant spontaneous movements},
   author={Groos, Daniel},
   year={2022}
 }
 
 @InProceedings{pmlr-v97-wu19e, title = 	 {Simplifying Graph Convolutional Networks}, author =       {Wu, Felix and Souza, Amauri and Zhang, Tianyi and Fifty, Christopher and Yu, Tao and Weinberger, Kilian}, booktitle = 	 {Proceedings of the 36th International Conference on Machine Learning}, pages = 	 {6861--6871}, year = 	 {2019}, editor = 	 {Chaudhuri, Kamalika and Salakhutdinov, Ruslan}, volume = 	 {97}, series = 	 {Proceedings of Machine Learning Research}, month = 	 {09--15 Jun}, publisher =    {PMLR}, pdf = 	 {http://proceedings.mlr.press/v97/wu19e/wu19e.pdf}, url = 	 {https://proceedings.mlr.press/v97/wu19e.html},}
 
 @article{DBLP:journals/corr/abs-2003-14111,
  author    = {Ziyu Liu and
               Hongwen Zhang and
               Zhenghao Chen and
               Zhiyong Wang and
               Wanli Ouyang},
  title     = {Disentangling and Unifying Graph Convolutions for Skeleton-Based Action
               Recognition},
  journal   = {CoRR},
  volume    = {abs/2003.14111},
  year      = {2020},
  url       = {https://arxiv.org/abs/2003.14111},
  eprinttype = {arXiv},
  eprint    = {2003.14111},
  timestamp = {Thu, 02 Apr 2020 15:34:08 +0200},
  biburl    = {https://dblp.org/rec/journals/corr/abs-2003-14111.bib},
  bibsource = {dblp computer science bibliography, https://dblp.org}
}

@article{lee2018snip,
  title={Snip: Single-shot network pruning based on connection sensitivity},
  author={Lee, Namhoon and Ajanthan, Thalaiyasingam and Torr, Philip HS},
  journal={arXiv preprint arXiv:1810.02340},
  year={2018}
}

@article{frankle2020pruning,
  title={Pruning neural networks at initialization: Why are we missing the mark?},
  author={Frankle, Jonathan and Dziugaite, Gintare Karolina and Roy, Daniel M and Carbin, Michael},
  journal={arXiv preprint arXiv:2009.08576},
  year={2020}
}

@article{wang2020picking,
  title={Picking winning tickets before training by preserving gradient flow},
  author={Wang, Chaoqi and Zhang, Guodong and Grosse, Roger},
  journal={arXiv preprint arXiv:2002.07376},
  year={2020}
}

@inproceedings{wen2020neural,
  title={Neural predictor for neural architecture search},
  author={Wen, Wei and Liu, Hanxiao and Chen, Yiran and Li, Hai and Bender, Gabriel and Kindermans, Pieter-Jan},
  booktitle={European Conference on Computer Vision},
  pages={660--676},
  year={2020},
  organization={Springer}
}

@inproceedings{dietterich2000ensemble,
  title={Ensemble methods in machine learning},
  author={Dietterich, Thomas G},
  booktitle={International workshop on multiple classifier systems},
  pages={1--15},
  year={2000},
  organization={Springer}
}

@inproceedings{white2021bananas,
  title={Bananas: Bayesian optimization with neural architectures for neural architecture search},
  author={White, Colin and Neiswanger, Willie and Savani, Yash},
  booktitle={Proceedings of the AAAI Conference on Artificial Intelligence},
  volume={35},
  number={12},
  pages={10293--10301},
  year={2021}
}

@inproceedings{li2020gp,
  title={Gp-nas: Gaussian process based neural architecture search},
  author={Li, Zhihang and Xi, Teng and Deng, Jiankang and Zhang, Gang and Wen, Shengzhao and He, Ran},
  booktitle={Proceedings of the IEEE/CVF Conference on Computer Vision and Pattern Recognition},
  pages={11933--11942},
  year={2020}
}

@inproceedings{domhan2015speeding,
  title={Speeding up automatic hyperparameter optimization of deep neural networks by extrapolation of learning curves},
  author={Domhan, Tobias and Springenberg, Jost Tobias and Hutter, Frank},
  booktitle={Twenty-fourth international joint conference on artificial intelligence},
  year={2015}
}

@article{DBLP:journals/corr/KipfW16,
  author    = {Thomas N. Kipf and
               Max Welling},
  title     = {Semi-Supervised Classification with Graph Convolutional Networks},
  journal   = {CoRR},
  volume    = {abs/1609.02907},
  year      = {2016},
  url       = {http://arxiv.org/abs/1609.02907},
  eprinttype = {arXiv},
  eprint    = {1609.02907},
  timestamp = {Mon, 13 Aug 2018 16:48:31 +0200},
  biburl    = {https://dblp.org/rec/journals/corr/KipfW16.bib},
  bibsource = {dblp computer science bibliography, https://dblp.org}
}

@article{DBLP:journals/corr/abs-1801-05787,
  author    = {Lucas Theis and
               Iryna Korshunova and
               Alykhan Tejani and
               Ferenc Husz{\'{a}}r},
  title     = {Faster gaze prediction with dense networks and Fisher pruning},
  journal   = {CoRR},
  volume    = {abs/1801.05787},
  year      = {2018},
  url       = {http://arxiv.org/abs/1801.05787},
  eprinttype = {arXiv},
  eprint    = {1801.05787},
  timestamp = {Mon, 13 Aug 2018 16:48:08 +0200},
  biburl    = {https://dblp.org/rec/journals/corr/abs-1801-05787.bib},
  bibsource = {dblp computer science bibliography, https://dblp.org}
}

@misc{FEAR,
  doi = {10.48550/ARXIV.2106.04010},
  url = {https://arxiv.org/abs/2106.04010},
  author = {Dey, Debadeepta and Shah, Shital and Bubeck, Sebastien},
  keywords = {Machine Learning (cs.LG), Computer Vision and Pattern Recognition (cs.CV), FOS: Computer and information sciences, FOS: Computer and information sciences},
  title = {FEAR: A Simple Lightweight Method to Rank Architectures},
  publisher = {arXiv},
  year = {2021},
  copyright = {Creative Commons Attribution 4.0 International}
}

@inproceedings{Krizhevsky2009LearningML,
  title={Learning Multiple Layers of Features from Tiny Images},
  author={Alex Krizhevsky},
  year={2009}
}

@article{DBLP:journals/corr/RussakovskyDSKSMHKKBBF14,
  author    = {Olga Russakovsky and
               Jia Deng and
               Hao Su and
               Jonathan Krause and
               Sanjeev Satheesh and
               Sean Ma and
               Zhiheng Huang and
               Andrej Karpathy and
               Aditya Khosla and
               Michael S. Bernstein and
               Alexander C. Berg and
               Li Fei{-}Fei},
  title     = {ImageNet Large Scale Visual Recognition Challenge},
  journal   = {CoRR},
  volume    = {abs/1409.0575},
  year      = {2014},
  url       = {http://arxiv.org/abs/1409.0575},
  eprinttype = {arXiv},
  eprint    = {1409.0575},
  timestamp = {Wed, 15 Sep 2021 14:13:01 +0200},
  biburl    = {https://dblp.org/rec/journals/corr/RussakovskyDSKSMHKKBBF14.bib},
  bibsource = {dblp computer science bibliography, https://dblp.org}
}

@article{DBLP:journals/corr/abs-2001-01233,
  author    = {Dongzhan Zhou and
               Xinchi Zhou and
               Wenwei Zhang and
               Chen Change Loy and
               Shuai Yi and
               Xuesen Zhang and
               Wanli Ouyang},
  title     = {EcoNAS: Finding Proxies for Economical Neural Architecture Search},
  journal   = {CoRR},
  volume    = {abs/2001.01233},
  year      = {2020},
  url       = {http://arxiv.org/abs/2001.01233},
  eprinttype = {arXiv},
  eprint    = {2001.01233},
  timestamp = {Sat, 23 Jan 2021 01:17:33 +0100},
  biburl    = {https://dblp.org/rec/journals/corr/abs-2001-01233.bib},
  bibsource = {dblp computer science bibliography, https://dblp.org}
}


@article{kaelbling1996reinforcement,
  title={Reinforcement learning: A survey},
  author={Kaelbling, Leslie Pack and Littman, Michael L and Moore, Andrew W},
  journal={Journal of artificial intelligence research},
  volume={4},
  pages={237--285},
  year={1996}
}

@INPROCEEDINGS{7955308,
  author={Vikhar, Pradnya A.},
  booktitle={2016 International Conference on Global Trends in Signal Processing, Information Computing and Communication (ICGTSPICC)}, 
  title={Evolutionary algorithms: A critical review and its future prospects}, 
  year={2016},
  volume={},
  number={},
  pages={261-265},
  doi={10.1109/ICGTSPICC.2016.7955308}}
  
  @article{DBLP:journals/corr/ZophVSL17,
  author    = {Barret Zoph and
               Vijay Vasudevan and
               Jonathon Shlens and
               Quoc V. Le},
  title     = {Learning Transferable Architectures for Scalable Image Recognition},
  journal   = {CoRR},
  volume    = {abs/1707.07012},
  year      = {2017},
  url       = {http://arxiv.org/abs/1707.07012},
  eprinttype = {arXiv},
  eprint    = {1707.07012},
  timestamp = {Mon, 13 Aug 2018 16:48:00 +0200},
  biburl    = {https://dblp.org/rec/journals/corr/ZophVSL17.bib},
  bibsource = {dblp computer science bibliography, https://dblp.org}
}
\begin{comment}

@misc{jacob_conv,
  doi = {10.48550/ARXIV.2006.04647},
  
  url = {https://arxiv.org/abs/2006.04647},
  
  author = {Mellor, Joseph and Turner, Jack and Storkey, Amos and Crowley, Elliot J.},
  
  keywords = {Machine Learning (cs.LG), Computer Vision and Pattern Recognition (cs.CV), Machine Learning (stat.ML), FOS: Computer and information sciences, FOS: Computer and information sciences},
  
  title = {Neural Architecture Search without Training},
  
  publisher = {arXiv},
  
  year = {2020},
  
  copyright = {Creative Commons Attribution Non Commercial Share Alike 4.0 International}
}
\end{comment}
@inproceedings{mellor2021neural,
  title={Neural architecture search without training},
  author={Mellor, Joe and Turner, Jack and Storkey, Amos and Crowley, Elliot J},
  booktitle={International Conference on Machine Learning},
  pages={7588--7598},
  year={2021},
  organization={PMLR}
}

@article{kandasamy2018neural,
  title={Neural architecture search with bayesian optimisation and optimal transport},
  author={Kandasamy, Kirthevasan and Neiswanger, Willie and Schneider, Jeff and Poczos, Barnabas and Xing, Eric P},
  journal={Advances in neural information processing systems},
  volume={31},
  year={2018}
}


@inproceedings{graphnas,
	author = {Gao, Yang and Yang, Hong and Zhang, Peng and Zhou, Chuan and Hu, Yue},
	booktitle = {Proceedings of the Twenty-Ninth International Joint Conference on Artificial Intelligence, {IJCAI-20}},
	doi = {10.24963/ijcai.2020/195},
	editor = {Christian Bessiere},
	month = {7},
	note = {Main track},
	pages = {1403--1409},
	publisher = {International Joint Conferences on Artificial Intelligence Organization},
	title = {Graph Neural Architecture Search},
	url = {https://doi.org/10.24963/ijcai.2020/195},
	year = {2020},
	bdsk-url-1 = {https://doi.org/10.24963/ijcai.2020/195}}

@misc{https://doi.org/10.48550/arxiv.1703.01041,
  doi = {10.48550/ARXIV.1703.01041},
  
  url = {https://arxiv.org/abs/1703.01041},
  
  author = {Real, Esteban and Moore, Sherry and Selle, Andrew and Saxena, Saurabh and Suematsu, Yutaka Leon and Tan, Jie and Le, Quoc and Kurakin, Alex},
  
  keywords = {Neural and Evolutionary Computing (cs.NE), Artificial Intelligence (cs.AI), Computer Vision and Pattern Recognition (cs.CV), Distributed, Parallel, and Cluster Computing (cs.DC), FOS: Computer and information sciences, FOS: Computer and information sciences, I.2.6; I.5.1; I.5.2},
  
  title = {Large-Scale Evolution of Image Classifiers},
  
  publisher = {arXiv},
  
  year = {2017},
  
  copyright = {arXiv.org perpetual, non-exclusive license}
}

@article{zhou2019auto,
  title={Auto-gnn: Neural architecture search of graph neural networks},
  author={Zhou, Kaixiong and Song, Qingquan and Huang, Xiao and Hu, Xia},
  journal={arXiv preprint arXiv:1909.03184},
  year={2019}
}

@online{spear, 
    title={Spearmanâs correlation},
    author={statstutor},
    urldate={2022-11-29},
    url={https://www.statstutor.ac.uk/resources/uploaded/spearmans.pdf}
}

@article{DBLP:journals/corr/abs-1905-04757,
  author    = {Jun Liu and
               Amir Shahroudy and
               Mauricio Perez and
               Gang Wang and
               Ling{-}Yu Duan and
               Alex C. Kot},
  title     = {{NTU} {RGB+D} 120: {A} Large-Scale Benchmark for 3D Human Activity
               Understanding},
  journal   = {CoRR},
  volume    = {abs/1905.04757},
  year      = {2019},
  url       = {http://arxiv.org/abs/1905.04757},
  eprinttype = {arXiv},
  eprint    = {1905.04757},
  timestamp = {Sat, 23 Jan 2021 01:21:00 +0100},
  biburl    = {https://dblp.org/rec/journals/corr/abs-1905-04757.bib},
  bibsource = {dblp computer science bibliography, https://dblp.org}
}
    
@article{ren2021comprehensive,
  title={A comprehensive survey of neural architecture search: Challenges and solutions},
  author={Ren, Pengzhen and Xiao, Yun and Chang, Xiaojun and Huang, Po-Yao and Li, Zhihui and Chen, Xiaojiang and Wang, Xin},
  journal={ACM Computing Surveys (CSUR)},
  volume={54},
  number={4},
  pages={1--34},
  year={2021},
  publisher={ACM New York, NY, USA}
}
@inproceedings{inproceedings,
author = {Dong, Xuanyi and Yang, Yi},
year = {2019},
month = {07},
pages = {},
title = {Searching for a Robust Neural Architecture in Four GPU Hours},
doi = {10.1109/CVPR.2019.00186}
}

@misc{https://doi.org/10.48550/arxiv.1806.09055,
  doi = {10.48550/ARXIV.1806.09055},
  
  url = {https://arxiv.org/abs/1806.09055},
  
  author = {Liu, Hanxiao and Simonyan, Karen and Yang, Yiming},
  
  keywords = {Machine Learning (cs.LG), Computation and Language (cs.CL), Computer Vision and Pattern Recognition (cs.CV), Machine Learning (stat.ML), FOS: Computer and information sciences, FOS: Computer and information sciences},
  
  title = {DARTS: Differentiable Architecture Search},
  
  publisher = {arXiv},
  
  year = {2018},
  
  copyright = {arXiv.org perpetual, non-exclusive license}
}

@inproceedings{nunes2020neural,
  title={Neural architecture search in graph neural networks},
  author={Nunes, Matheus and Pappa, Gisele L},
  booktitle={Brazilian Conference on Intelligent Systems},
  pages={302--317},
  year={2020},
  organization={Springer}
}

@article{gao2022graphnas++,
  title={GraphNAS++: Distributed Architecture Search for Graph Neural Networks},
  author={Gao, Yang and Zhang, Peng and Yang, Hong and Zhou, Chuan and Tian, Zhihong and Hu, Yue and Li, Zhao and Zhou, Jingren},
  journal={IEEE Transactions on Knowledge and Data Engineering},
  year={2022},
  publisher={IEEE}
}

@inproceedings{ann2014human,
  title={Human activity recognition: A review},
  author={Ann, Ong Chin and Theng, Lau Bee},
  booktitle={2014 IEEE international conference on control system, computing and engineering (ICCSCE 2014)},
  pages={389--393},
  year={2014},
  organization={IEEE}
}

@article{vrigkas2015review,
  title={A review of human activity recognition methods},
  author={Vrigkas, Michalis and Nikou, Christophoros and Kakadiaris, Ioannis A},
  journal={Frontiers in Robotics and AI},
  volume={2},
  pages={28},
  year={2015},
  publisher={Frontiers Media SA}
}

@InProceedings{Shahroudy_2016_CVPR,
author = {Shahroudy, Amir and Liu, Jun and Ng, Tian-Tsong and Wang, Gang},
title = {NTU RGB+D: A Large Scale Dataset for 3D Human Activity Analysis},
booktitle = {Proceedings of the IEEE Conference on Computer Vision and Pattern Recognition (CVPR)},
month = {6},
year = {2016}
}

@article{ning2021evaluating,
  title={Evaluating efficient performance estimators of neural architectures},
  author={Ning, Xuefei and Tang, Changcheng and Li, Wenshuo and Zhou, Zixuan and Liang, Shuang and Yang, Huazhong and Wang, Yu},
  journal={Advances in Neural Information Processing Systems},
  volume={34},
  pages={12265--12277},
  year={2021}
}

@inproceedings{lopes2021epe,
  title={Epe-nas: Efficient performance estimation without training for neural architecture search},
  author={Lopes, Vasco and Alirezazadeh, Saeid and Alexandre, Lu{\'\i}s A},
  booktitle={Artificial Neural Networks and Machine Learning--ICANN 2021: 30th International Conference on Artificial Neural Networks, Bratislava, Slovakia, September 14--17, 2021, Proceedings, Part V},
  pages={552--563},
  year={2021},
  organization={Springer}
}

@inproceedings{lin2021zen,
  title={Zen-nas: A zero-shot nas for high-performance image recognition},
  author={Lin, Ming and Wang, Pichao and Sun, Zhenhong and Chen, Hesen and Sun, Xiuyu and Qian, Qi and Li, Hao and Jin, Rong},
  booktitle={Proceedings of the IEEE/CVF International Conference on Computer Vision},
  pages={347--356},
  year={2021}
}

@inproceedings{ying2019bench,
  title={Nas-bench-101: Towards reproducible neural architecture search},
  author={Ying, Chris and Klein, Aaron and Christiansen, Eric and Real, Esteban and Murphy, Kevin and Hutter, Frank},
  booktitle={International Conference on Machine Learning},
  pages={7105--7114},
  year={2019},
  organization={PMLR}
}

@article{dong2020bench,
  title={Nas-bench-201: Extending the scope of reproducible neural architecture search},
  author={Dong, Xuanyi and Yang, Yi},
  journal={arXiv preprint arXiv:2001.00326},
  year={2020}
}

@article{tu2021bench,
  title={Nas-bench-360: Benchmarking diverse tasks for neural architecture search},
  author={Tu, Renbo and Khodak, Mikhail and Roberts, Nicholas Carl and Talwalkar, Ameet},
  year={2021}
}

@inproceedings{peng2020learning,
  title={Learning graph convolutional network for skeleton-based human action recognition by neural searching},
  author={Peng, Wei and Hong, Xiaopeng and Chen, Haoyu and Zhao, Guoying},
  booktitle={Proceedings of the AAAI conference on artificial intelligence},
  volume={34},
  number={03},
  pages={2669--2676},
  year={2020}
}

@online{laerdstatistics,
  title={Spearman's Rank-Order Correlation: A guide to when and how to use the Spearman's Rank-Order Correlation test},
  author={Lund Research Ltd},
  year={2013},
  url={https://statistics.laerd.com/statistical-guides/spearmans-rank-order-correlation-statistical-guide.php}
}


@inproceedings{deng2009imagenet,
  title={Imagenet: A large-scale hierarchical image database},
  author={Deng, Jia and Dong, Wei and Socher, Richard and Li, Li-Jia and Li, Kai and Fei-Fei, Li},
  booktitle={2009 IEEE conference on computer vision and pattern recognition},
  pages={248--255},
  year={2009},
  organization={Ieee}
}

@misc{https://doi.org/10.48550/arxiv.2006.07116,
  doi = {10.48550/ARXIV.2006.07116},
  
  url = {https://arxiv.org/abs/2006.07116},
  
  author = {Klyuchnikov, Nikita and Trofimov, Ilya and Artemova, Ekaterina and Salnikov, Mikhail and Fedorov, Maxim and Burnaev, Evgeny},
  
  keywords = {Machine Learning (cs.LG), Computation and Language (cs.CL), Machine Learning (stat.ML), FOS: Computer and information sciences, FOS: Computer and information sciences},
  
  title = {NAS-Bench-NLP: Neural Architecture Search Benchmark for Natural Language Processing},
  
  publisher = {arXiv},
  
  year = {2020},
  
  copyright = {arXiv.org perpetual, non-exclusive license}
}

@inproceedings{mehrotra2021bench,
  title={Nas-bench-asr: Reproducible neural architecture search for speech recognition},
  author={Mehrotra, Abhinav and Ramos, Alberto Gil CP and Bhattacharya, Sourav and Dudziak, {\L}ukasz and Vipperla, Ravichander and Chau, Thomas and Abdelfattah, Mohamed S and Ishtiaq, Samin and Lane, Nicholas Donald},
  booktitle={International Conference on Learning Representations},
  year={2021}
}

@article{zoph2016neural,
  title={Neural architecture search with reinforcement learning},
  author={Zoph, Barret and Le, Quoc V},
  journal={arXiv preprint arXiv:1611.01578},
  year={2016}
}

@article{krishnakumar2022bench,
  title={NAS-Bench-Suite-Zero: Accelerating Research on Zero Cost Proxies},
  author={Krishnakumar, Arjun and White, Colin and Zela, Arber and Tu, Renbo and Safari, Mahmoud and Hutter, Frank},
  journal={arXiv preprint arXiv:2210.03230},
  year={2022}
}

@article{jobanputra2019human,
  title={Human activity recognition: A survey},
  author={Jobanputra, Charmi and Bavishi, Jatna and Doshi, Nishant},
  journal={Procedia Computer Science},
  volume={155},
  pages={698--703},
  year={2019},
  publisher={Elsevier}
}

@inproceedings{duan2021transnas,
  title={Transnas-bench-101: Improving transferability and generalizability of cross-task neural architecture search},
  author={Duan, Yawen and Chen, Xin and Xu, Hang and Chen, Zewei and Liang, Xiaodan and Zhang, Tong and Li, Zhenguo},
  booktitle={Proceedings of the IEEE/CVF Conference on Computer Vision and Pattern Recognition},
  pages={5251--5260},
  year={2021}
}

@article{wang2021flaml,
  title={FLAML: A fast and lightweight automl library},
  author={Wang, Chi and Wu, Qingyun and Weimer, Markus and Zhu, Erkang},
  journal={Proceedings of Machine Learning and Systems},
  volume={3},
  pages={434--447},
  year={2021}
}

@article{brownlee2018data,
  title={How much data is needed to build a machine learning model?},
  author={Brownlee, Jason},
  journal={Machine Learning Mastery},
  year={2018},
  url={https://machinelearningmastery.com/how-much-data-is-needed-to-build-a-machine-learning-model/}
}

@article{domingos2012useful,
  title={A few useful things to know about machine learning},
  author={Domingos, Pedro},
  journal={Communications of the ACM},
  volume={55},
  number={10},
  pages={78--87},
  year={2012},
  publisher={ACM},
  doi={10.1145/2347736.2347755}
}

@inproceedings{chen2007enhanced,
  title={Enhanced recursive feature elimination},
  author={Chen, Xue-wen and Jeong, Jong Cheol},
  booktitle={Sixth international conference on machine learning and applications (ICMLA 2007)},
  pages={429--435},
  year={2007},
  organization={IEEE}
}

@article{GoyalDGNWKTJH17,
  author    = {Priya Goyal and
               Piotr Doll{\'{a}}r and
               Ross B. Girshick and
               Pieter Noordhuis and
               Lukasz Wesolowski and
               Aapo Kyrola and
               Andrew Tulloch and
               Yangqing Jia and
               Kaiming He},
  title     = {Accurate, Large Minibatch {SGD:} Training ImageNet in 1 Hour},
  journal   = {CoRR},
  volume    = {abs/1706.02677},
  year      = {2017},
  url       = {http://arxiv.org/abs/1706.02677},
  eprinttype = {arXiv},
  eprint    = {1706.02677},
  timestamp = {Mon, 13 Aug 2018 16:49:10 +0200},
  biburl    = {https://dblp.org/rec/journals/corr/GoyalDGNWKTJH17.bib},
  bibsource = {dblp computer science bibliography, https://dblp.org}
}

@book{pallant2016spss,
  title={SPSS Survival Manual: A step by step guide to data analysis using IBM SPSS},
  author={Pallant, Julie},
  edition={6},
  year={2016},
  publisher={Open University Press/McGraw-Hill Education}
}

@book{wam,
title="Weighted Arithmetic Mean",
bookTitle="The Concise Encyclopedia of Statistics",
year="2008",
publisher="Springer New York",
address="New York, NY",
isbn="978-0-387-32833-1",
doi="10.1007/978-0-387-32833-1",
url="https://doi.org/10.1007/978-0-387-32833-1"
}

@book{goodfellow2016deep,
  title={Deep learning},
  author={Goodfellow, Ian and Bengio, Yoshua and Courville, Aaron},
  year={2016},
  publisher={MIT press}
}

@article{bengio2013representation,
  title={Representation learning: A review and new perspectives},
  author={Bengio, Yoshua and Courville, Aaron and Vincent, Pascal},
  journal={IEEE transactions on pattern analysis and machine intelligence},
  volume={35},
  number={8},
  pages={1798--1828},
  year={2013},
  publisher={IEEE}
}

@article{krizhevsky2017imagenet,
  title={Imagenet classification with deep convolutional neural networks},
  author={Krizhevsky, Alex and Sutskever, Ilya and Hinton, Geoffrey E},
  journal={Communications of the ACM},
  volume={60},
  number={6},
  pages={84--90},
  year={2017},
  publisher={AcM New York, NY, USA}
}

@article{bergstra2011algorithms,
  title={Algorithms for hyper-parameter optimization},
  author={Bergstra, James and Bardenet, R{\'e}mi and Bengio, Yoshua and K{\'e}gl, Bal{\'a}zs},
  journal={Advances in neural information processing systems},
  volume={24},
  year={2011}
}

@article{snoek2012practical,
  title={Practical bayesian optimization of machine learning algorithms},
  author={Snoek, Jasper and Larochelle, Hugo and Adams, Ryan P},
  journal={Advances in neural information processing systems},
  volume={25},
  year={2012}
}

@article{pan2010survey,
  title={A survey on transfer learning},
  author={Pan, Sinno Jialin and Yang, Qiang},
  journal={IEEE Transactions on knowledge and data engineering},
  volume={22},
  number={10},
  pages={1345--1359},
  year={2010},
  publisher={IEEE}
}

@article{swersky2014freeze,
  title={Freeze-thaw Bayesian optimization},
  author={Swersky, Kevin and Snoek, Jasper and Adams, Ryan Prescott},
  journal={arXiv preprint arXiv:1406.3896},
  year={2014}
}

@book{anderson1995introduction,
  title={An introduction to neural networks},
  author={Anderson, James A},
  year={1995},
  publisher={MIT press}
}

@article{battaglia2018relational,
  title={Relational inductive biases, deep learning, and graph networks},
  author={Battaglia, Peter W and Hamrick, Jessica B and Bapst, Victor and Sanchez-Gonzalez, Alvaro and Zambaldi, Vinicius and Malinowski, Mateusz and Tacchetti, Andrea and Raposo, David and Santoro, Adam and Faulkner, Ryan and others},
  journal={arXiv preprint arXiv:1806.01261},
  year={2018}
}

@article{scarselli2008graph,
  title={The graph neural network model},
  author={Scarselli, Franco and Gori, Marco and Tsoi, Ah Chung and Hagenbuchner, Markus and Monfardini, Gabriele},
  journal={IEEE transactions on neural networks},
  volume={20},
  number={1},
  pages={61--80},
  year={2008},
  publisher={IEEE}
}

@inproceedings{gori2005new,
  title={A new model for learning in graph domains},
  author={Gori, Marco and Monfardini, Gabriele and Scarselli, Franco},
  booktitle={Proceedings. 2005 IEEE International Joint Conference on Neural Networks, 2005.},
  volume={2},
  pages={729--734},
  year={2005},
  organization={IEEE}
}

@article{bronstein2017geometric,
  title={Geometric deep learning: going beyond euclidean data},
  author={Bronstein, Michael M and Bruna, Joan and LeCun, Yann and Szlam, Arthur and Vandergheynst, Pierre},
  journal={IEEE Signal Processing Magazine},
  volume={34},
  number={4},
  pages={18--42},
  year={2017},
  publisher={IEEE}
}

@inproceedings{li2021one,
  title={One-shot graph neural architecture search with dynamic search space},
  author={Li, Yanxi and Wen, Zean and Wang, Yunhe and Xu, Chang},
  booktitle={Proceedings of the AAAI conference on artificial intelligence},
  volume={35},
  number={10},
  pages={8510--8517},
  year={2021}
}

@inproceedings{si2019attention,
  title={An attention enhanced graph convolutional LSTM network for skeleton-based action recognition},
  author={Si, Chenyang and Chen, Wei and Wang, Wei and Wang, Liang and Tan, Tieniu},
  booktitle={Proceedings of the IEEE Conference on Computer Vision and Pattern Recognition},
  pages={1227--1236},
  year={2019}
}

@article{cheng2020skeleton,
  title={Skeleton-based action recognition with synchronous local and non-local spatio-temporal learning and frequency attention},
  author={Cheng, Kai and Wei, Yuxiang and Mu, Cheng},
  journal={Sensors},
  volume={20},
  number={4},
  pages={1194},
  year={2020},
  publisher={Multidisciplinary Digital Publishing Institute}
}

@inproceedings{burges2005learning,
  title={Learning to rank using gradient descent},
  author={Burges, Chris and Shaked, Tal and Renshaw, Erin and Lazier, Ari and Deeds, Matt and Hamilton, Nicole and Hullender, Greg},
  booktitle={Proceedings of the 22nd international conference on Machine learning},
  pages={89--96},
  year={2005}
}

@article{groos2022convolutional,
  title={Convolutional networks for video-based infant movement analysis. Towards objective prognosis of cerebral palsy from infant spontaneous movements},
  author={Groos, Daniel},
  year={2022},
  publisher={NTNU}
}

@article{hauke2011comparison,
  title={Comparison of values of Pearson's and Spearman's correlation coefficients on the same sets of data},
  author={Hauke, Jan and Kossowski, Tomasz},
  journal={Quaestiones geographicae},
  volume={30},
  number={2},
  pages={87--93},
  year={2011}
}

@misc{turney2022pearson,
  author = {Turney, S.},
  title = {Pearson Correlation Coefficient (r) | Guide & Examples},
  year = {2022},
  howpublished = {\url{https://www.scribbr.com/statistics/pearson-correlation-coefficient/}},
  publisher = {Scribbr}
}

@article{shaphiro1965analysis,
  title={An analysis of variance test for normality},
  author={Shaphiro, S and Wilk, MBJB},
  journal={Biometrika},
  volume={52},
  number={3},
  pages={591--611},
  year={1965}
}
